@article{goldberg2017neural,
  title={Neural network methods for natural language processing},
  author={Goldberg, Yoav},
  journal={Synthesis Lectures on Human Language Technologies},
  volume={10},
  number={1},
  pages={1--309},
  year={2017},
  publisher={Morgan \& Claypool Publishers}
}
@article{baxter2000model,
	title={A model of inductive bias learning},
	author={Baxter, Jonathan},
	journal={Journal of Artificial Intelligence Research},
	volume={12},
	pages={149--198},
	year={2000}
}
@incollection{torrey2010transfer,
	title={Transfer learning},
	author={Torrey, Lisa and Shavlik, Jude},
	booktitle={Handbook of Research on Machine Learning Applications and Trends: Algorithms, Methods, and Techniques},
	pages={242--264},
	year={2010},
	publisher={IGI Global}
}
@article{li2012literature,
	title={Literature survey: domain adaptation algorithms for natural language processing},
	author={Li, Qi},
	journal={Department of Computer Science The Graduate Center, The City University of New York},
	pages={8--10},
	year={2012}
}
@inproceedings{daume2007frustratingly,
	title={Frustratingly Easy Domain Adaptation},
	author={Daume III, Hal},
	booktitle={Proceedings of the 45th Annual Meeting of the Association of Computational Linguistics},
	pages={256--263},
	year={2007}
}
@inproceedings{blitzer2007biographies,
	title={Biographies, bollywood, boom-boxes and blenders: Domain adaptation for sentiment classification},
	author={Blitzer, John and Dredze, Mark and Pereira, Fernando},
	booktitle={Proceedings of the 45th annual meeting of the association of computational linguistics},
	pages={440--447},
	year={2007}
}
@inproceedings{tzeng2017adversarial,
	title={Adversarial discriminative domain adaptation},
	author={Tzeng, Eric and Hoffman, Judy and Saenko, Kate and Darrell, Trevor},
	booktitle={Computer Vision and Pattern Recognition (CVPR)},
	volume={1},
	number={2},
	pages={4},
	year={2017}
}
@inproceedings{glorot2011domain,
	title={Domain adaptation for large-scale sentiment classification: A deep learning approach},
	author={Glorot, Xavier and Bordes, Antoine and Bengio, Yoshua},
	booktitle={Proceedings of the 28th international conference on machine learning (ICML-11)},
	pages={513--520},
	year={2011}
}
@article{pan2010survey,
	title={A survey on transfer learning},
	author={Pan, Sinno Jialin and Yang, Qiang and others},
	journal={IEEE Transactions on knowledge and data engineering},
	volume={22},
	number={10},
	pages={1345--1359},
	year={2010},
	publisher={Institute of Electrical and Electronics Engineers, Inc., 345 E. 47 th St. NY NY 10017-2394 USA}
}
@inproceedings{collobert2008unified,
	title={A unified architecture for natural language processing: Deep neural networks with multitask learning},
	author={Collobert, Ronan and Weston, Jason},
	booktitle={Proceedings of the 25th international conference on Machine learning},
	pages={160--167},
	year={2008},
	organization={ACM}
}
@article{lee2017transfer,
	title={Transfer Learning for Named-Entity Recognition with Neural Networks},
	author={Lee, Ji Young and Dernoncourt, Franck and Szolovits, Peter},
	journal={arXiv preprint arXiv:1705.06273},
	year={2017}
}

@inproceedings{blitzer2006domain,
  title={Domain adaptation with structural correspondence learning},
  author={Blitzer, John and McDonald, Ryan and Pereira, Fernando},
  booktitle={Proceedings of the 2006 conference on empirical methods in natural language processing},
  pages={120--128},
  year={2006},
  organization={Association for Computational Linguistics}
}

@article{chu2017empirical,
  title={An empirical comparison of simple domain adaptation methods for neural machine translation},
  author={Chu, Chenhui and Dabre, Raj and Kurohashi, Sadao},
  journal={arXiv preprint arXiv:1701.03214},
  year={2017}
}

@inproceedings{xu2011instance,
  title={Instance level transfer learning for cross lingual opinion analysis},
  author={Xu, Ruifeng and Xu, Jun and Wang, Xiaolong},
  booktitle={Proceedings of the 2nd Workshop on Computational Approaches to Subjectivity and Sentiment Analysis},
  pages={182--188},
  year={2011},
  organization={Association for Computational Linguistics}
}


@inproceedings{jiang2007instance,
  title={Instance weighting for domain adaptation in NLP},
  author={Jiang, Jing and Zhai, ChengXiang},
  booktitle={Proceedings of the 45th annual meeting of the association of computational linguistics},
  pages={264--271},
  year={2007}
}

@inproceedings{finkel2009hierarchical,
  title={Hierarchical bayesian domain adaptation},
  author={Finkel, Jenny Rose and Manning, Christopher D},
  booktitle={Proceedings of Human Language Technologies: The 2009 Annual Conference of the North American Chapter of the Association for Computational Linguistics},
  pages={602--610},
  year={2009},
  organization={Association for Computational Linguistics}
}

@article{chelba2006adaptation,
  title={Adaptation of maximum entropy capitalizer: Little data can help a lot},
  author={Chelba, Ciprian and Acero, Alex},
  journal={Computer Speech \& Language},
  volume={20},
  number={4},
  pages={382--399},
  year={2006},
  publisher={Elsevier}
}

@inproceedings{mikolov2013distributed,
  title={Distributed representations of words and phrases and their compositionality},
  author={Mikolov, Tomas and Sutskever, Ilya and Chen, Kai and Corrado, Greg S and Dean, Jeff},
  booktitle={Advances in neural information processing systems},
  pages={3111--3119},
  year={2013}
}

@article{peters2018deep,
  title={Deep contextualized word representations},
  author={Peters, Matthew E and Neumann, Mark and Iyyer, Mohit and Gardner, Matt and Clark, Christopher and Lee, Kenton and Zettlemoyer, Luke},
  journal={arXiv preprint arXiv:1802.05365},
  year={2018}
}

@article{devlin2018bert,
  title={BERT: Pre-training of Deep Bidirectional Transformers for Language Understanding},
  author={Devlin, Jacob and Chang, Ming-Wei and Lee, Kenton and Toutanova, Kristina},
  journal={arXiv preprint arXiv:1810.04805},
  year={2018}
}

@inproceedings{yu2016learning,
  title={Learning sentence embeddings with auxiliary tasks for cross-domain sentiment classification},
  author={Yu, Jianfei and Jiang, Jing},
  booktitle={Proceedings of the 2016 Conference on Empirical Methods in Natural Language Processing},
  pages={236--246},
  year={2016}
}

@article{chen2012marginalized,
  title={Marginalized denoising autoencoders for domain adaptation},
  author={Chen, Minmin and Xu, Zhixiang and Weinberger, Kilian and Sha, Fei},
  journal={arXiv preprint arXiv:1206.4683},
  year={2012}
}

@inproceedings{sun2016return,
  title={Return of frustratingly easy domain adaptation.},
  author={Sun, Baochen and Feng, Jiashi and Saenko, Kate},
  booktitle={AAAI},
  volume={6},
  number={7},
  pages={8},
  year={2016}
}

@article{ganin2016domain,
  title={Domain-adversarial training of neural networks},
  author={Ganin, Yaroslav and Ustinova, Evgeniya and Ajakan, Hana and Germain, Pascal and Larochelle, Hugo and Laviolette, Fran{\c{c}}ois and Marchand, Mario and Lempitsky, Victor},
  journal={The Journal of Machine Learning Research},
  volume={17},
  number={1},
  pages={2096--2030},
  year={2016},
  publisher={JMLR. org}
}

@article{ziser2016neural,
  title={Neural structural correspondence learning for domain adaptation},
  author={Ziser, Yftah and Reichart, Roi},
  journal={arXiv preprint arXiv:1610.01588},
  year={2016}
}

@inproceedings{ziser2018pivot,
  title={Pivot Based Language Modeling for Improved Neural Domain Adaptation},
  author={Ziser, Yftah and Reichart, Roi},
  booktitle={Proceedings of the 2018 Conference of the North American Chapter of the Association for Computational Linguistics: Human Language Technologies, Volume 1 (Long Papers)},
  volume={1},
  pages={1241--1251},
  year={2018}
}

@article{yang2014unsupervised,
  title={Unsupervised domain adaptation with feature embeddings},
  author={Yang, Yi and Eisenstein, Jacob},
  journal={arXiv preprint arXiv:1412.4385},
  year={2014}
}

@article{ganin2014unsupervised,
  title={Unsupervised domain adaptation by backpropagation},
  author={Ganin, Yaroslav and Lempitsky, Victor},
  journal={arXiv preprint arXiv:1409.7495},
  year={2014}
}

@article{mou2016transferable,
  title={How transferable are neural networks in nlp applications?},
  author={Mou, Lili and Meng, Zhao and Yan, Rui and Li, Ge and Xu, Yan and Zhang, Lu and Jin, Zhi},
  journal={arXiv preprint arXiv:1603.06111},
  year={2016}
}

@article{changpinyo2018multi,
  title={Multi-Task Learning for Sequence Tagging: An Empirical Study},
  author={Changpinyo, Soravit and Hu, Hexiang and Sha, Fei},
  journal={arXiv preprint arXiv:1808.04151},
  year={2018}
}

@article{bingel2017identifying,
  title={Identifying beneficial task relations for multi-task learning in deep neural networks},
  author={Bingel, Joachim and S{\o}gaard, Anders},
  journal={arXiv preprint arXiv:1702.08303},
  year={2017}
}

@inproceedings{rosenstein2005transfer,
  title={To transfer or not to transfer},
  author={Rosenstein, Michael T and Marx, Zvika and Kaelbling, Leslie Pack and Dietterich, Thomas G},
  booktitle={NIPS 2005 workshop on transfer learning},
  volume={898},
  pages={1--4},
  year={2005}
}

@inproceedings{howard2018universal,
  title={Universal language model fine-tuning for text classification},
  author={Howard, Jeremy and Ruder, Sebastian},
  booktitle={Proceedings of the 56th Annual Meeting of the Association for Computational Linguistics (Volume 1: Long Papers)},
  volume={1},
  pages={328--339},
  year={2018}
}

@article{ruder2017learning,
  title={Learning to select data for transfer learning with Bayesian Optimization},
  author={Ruder, Sebastian and Plank, Barbara},
  journal={arXiv preprint arXiv:1707.05246},
  year={2017}
}

@inproceedings{srivastava2018zero,
  title={Zero-shot learning of classifiers from natural language quantification},
  author={Srivastava, Shashank and Labutov, Igor and Mitchell, Tom},
  booktitle={Proceedings of the 56th Annual Meeting of the Association for Computational Linguistics (Volume 1: Long Papers)},
  volume={1},
  pages={306--316},
  year={2018}
}

@article{pinto2009statistical,
  title={A statistical approach to crosslingual natural language tasks.},
  author={Pinto, David and Civera, Jorge and Barr{\'o}n-Cedeno, Alberto and Juan, Alfons and Rosso, Paolo},
  journal={Journal of Algorithms},
  volume={64},
  number={1},
  pages={51--60},
  year={2009},
  publisher={Citeseer}
}

@inproceedings{chan2006estimating,
  title={Estimating class priors in domain adaptation for word sense disambiguation},
  author={Chan, Yee Seng and Ng, Hwee Tou},
  booktitle={Proceedings of the 21st International Conference on Computational Linguistics and the 44th annual meeting of the Association for Computational Linguistics},
  pages={89--96},
  year={2006},
  organization={Association for Computational Linguistics}
}

@inproceedings{yang2007adapting,
  title={Adapting SVM classifiers to data with shifted distributions},
  author={Yang, Jun and Yan, Rong and Hauptmann, Alexander G},
  booktitle={Data Mining Workshops, 2007. ICDM Workshops 2007. Seventh IEEE International Conference on},
  pages={69--76},
  year={2007},
  organization={IEEE}
}

@inproceedings{sharif2014cnn,
  title={CNN features off-the-shelf: an astounding baseline for recognition},
  author={Sharif Razavian, Ali and Azizpour, Hossein and Sullivan, Josephine and Carlsson, Stefan},
  booktitle={Proceedings of the IEEE conference on computer vision and pattern recognition workshops},
  pages={806--813},
  year={2014}
}

@inproceedings{he2016deep,
  title={Deep residual learning for image recognition},
  author={He, Kaiming and Zhang, Xiangyu and Ren, Shaoqing and Sun, Jian},
  booktitle={Proceedings of the IEEE conference on computer vision and pattern recognition},
  pages={770--778},
  year={2016}
}

@inproceedings{yosinski2014transferable,
  title={How transferable are features in deep neural networks?},
  author={Yosinski, Jason and Clune, Jeff and Bengio, Yoshua and Lipson, Hod},
  booktitle={Advances in neural information processing systems},
  pages={3320--3328},
  year={2014}
}

@inproceedings{vaswani2017attention,
  title={Attention is all you need},
  author={Vaswani, Ashish and Shazeer, Noam and Parmar, Niki and Uszkoreit, Jakob and Jones, Llion and Gomez, Aidan N and Kaiser, {\L}ukasz and Polosukhin, Illia},
  booktitle={Advances in Neural Information Processing Systems},
  pages={5998--6008},
  year={2017}
}

@article{bickel2009discriminative,
  title={Discriminative learning under covariate shift},
  author={Bickel, Steffen and Br{\"u}ckner, Michael and Scheffer, Tobias},
  journal={Journal of Machine Learning Research},
  volume={10},
  number={Sep},
  pages={2137--2155},
  year={2009}
}

@inproceedings{axelrod2011domain,
  title={Domain adaptation via pseudo in-domain data selection},
  author={Axelrod, Amittai and He, Xiaodong and Gao, Jianfeng},
  booktitle={Proceedings of the conference on empirical methods in natural language processing},
  pages={355--362},
  year={2011},
  organization={Association for Computational Linguistics}
}

@inproceedings{xia2013instance,
  title={Instance Selection and Instance Weighting for Cross-Domain Sentiment Classification via PU Learning.},
  author={Xia, Rui and Hu, Xuelei and Lu, Jianfeng and Yang, Jian and Zong, Chengqing and others},
  booktitle={IJCAI},
  pages={2176--2182},
  year={2013}
}

@inproceedings{daume2010frustratingly,
  title={Frustratingly easy semi-supervised domain adaptation},
  author={Daum{\'e} III, Hal and Kumar, Abhishek and Saha, Avishek},
  booktitle={Proceedings of the 2010 Workshop on Domain Adaptation for Natural Language Processing},
  pages={53--59},
  year={2010},
  organization={Association for Computational Linguistics}
}

@article{deerwester1990indexing,
  title={Indexing by latent semantic analysis},
  author={Deerwester, Scott and Dumais, Susan T and Furnas, George W and Landauer, Thomas K and Harshman, Richard},
  journal={Journal of the American society for information science},
  volume={41},
  number={6},
  pages={391--407},
  year={1990},
  publisher={Wiley Online Library}
}

@inproceedings{hofmann1999probabilistic,
  title={Probabilistic latent semantic analysis},
  author={Hofmann, Thomas},
  booktitle={Proceedings of the Fifteenth conference on Uncertainty in artificial intelligence},
  pages={289--296},
  year={1999},
  organization={Morgan Kaufmann Publishers Inc.}
}

@article{blei2003latent,
  title={Latent dirichlet allocation},
  author={Blei, David M and Ng, Andrew Y and Jordan, Michael I},
  journal={Journal of machine Learning research},
  volume={3},
  number={Jan},
  pages={993--1022},
  year={2003}
}

@inproceedings{guo2009domain,
  title={Domain adaptation with latent semantic association for named entity recognition},
  author={Guo, Honglei and Zhu, Huijia and Guo, Zhili and Zhang, Xiaoxun and Wu, Xian and Su, Zhong},
  booktitle={Proceedings of Human Language Technologies: The 2009 Annual Conference of the North American Chapter of the Association for Computational Linguistics},
  pages={281--289},
  year={2009},
  organization={Association for Computational Linguistics}
}

@article{jiang2008literature,
  title={A literature survey on domain adaptation of statistical classifiers},
  author={Jiang, Jing},
  journal={URL: http://sifaka. cs. uiuc. edu/jiang4/domainadaptation/survey},
  volume={3},
  pages={1--12},
  year={2008}
}

@inproceedings{deng2009imagenet,
  title={Imagenet: A large-scale hierarchical image database},
  author={Deng, Jia and Dong, Wei and Socher, Richard and Li, Li-Jia and Li, Kai and Fei-Fei, Li},
  booktitle={Computer Vision and Pattern Recognition, 2009. CVPR 2009. IEEE Conference on},
  pages={248--255},
  year={2009},
  organization={Ieee}
}

@article{huh2016makes,
  title={What makes ImageNet good for transfer learning?},
  author={Huh, Minyoung and Agrawal, Pulkit and Efros, Alexei A},
  journal={arXiv preprint arXiv:1608.08614},
  year={2016}
}

@article{bengio2003neural,
  title={A neural probabilistic language model},
  author={Bengio, Yoshua and Ducharme, R{\'e}jean and Vincent, Pascal and Jauvin, Christian},
  journal={Journal of machine learning research},
  volume={3},
  number={Feb},
  pages={1137--1155},
  year={2003}
}

@article{collobert2011natural,
  title={Natural language processing (almost) from scratch},
  author={Collobert, Ronan and Weston, Jason and Bottou, L{\'e}on and Karlen, Michael and Kavukcuoglu, Koray and Kuksa, Pavel},
  journal={Journal of Machine Learning Research},
  volume={12},
  number={Aug},
  pages={2493--2537},
  year={2011}
}

@MISC{DSC:2016,
author = {Himmetoglu, Burak},
title = {Deciphering the Neural Language Model},
year = {2016},
howpublished={\url{https://burakhimmetoglu.com/2016/12/16/deciphering-the-neural-language-model/}}
}

@MISC{NLPImage:2018,
author = {Ruder, Sebastian},
title = {NLP's ImageNet moment has arrived},
year = {2018},
howpublished={\url{https://thegradient.pub/nlp-imagenet/}}
}

@inproceedings{pennington2014glove,
  title={Glove: Global vectors for word representation},
  author={Pennington, Jeffrey and Socher, Richard and Manning, Christopher},
  booktitle={Proceedings of the 2014 conference on empirical methods in natural language processing (EMNLP)},
  pages={1532--1543},
  year={2014}
}

@inproceedings{santos2014learning,
  title={Learning character-level representations for part-of-speech tagging},
  author={Santos, Cicero D and Zadrozny, Bianca},
  booktitle={Proceedings of the 31st International Conference on Machine Learning (ICML-14)},
  pages={1818--1826},
  year={2014}
}

@article{bojanowski2017enriching,
  title={Enriching word vectors with subword information},
  author={Bojanowski, Piotr and Grave, Edouard and Joulin, Armand and Mikolov, Tomas},
  journal={Transactions of the Association for Computational Linguistics},
  volume={5},
  pages={135--146},
  year={2017},
  publisher={MIT Press}
}

@article{trask2015sense2vec,
  title={sense2vec-A fast and accurate method for word sense disambiguation in neural word embeddings},
  author={Trask, Andrew and Michalak, Phil and Liu, John},
  journal={arXiv preprint arXiv:1511.06388},
  year={2015}
}
@article{li2015hierarchical,
  title={A hierarchical neural autoencoder for paragraphs and documents},
  author={Li, Jiwei and Luong, Minh-Thang and Jurafsky, Dan},
  journal={arXiv preprint arXiv:1506.01057},
  year={2015}
}

@article{bollegala2015unsupervised,
  title={Unsupervised cross-domain word representation learning},
  author={Bollegala, Danushka and Maehara, Takanori and Kawarabayashi, Ken-ichi},
  journal={arXiv preprint arXiv:1505.07184},
  year={2015}
}

@inproceedings{yang2017simple,
  title={A Simple Regularization-based Algorithm for Learning Cross-Domain Word Embeddings},
  author={Yang, Wei and Lu, Wei and Zheng, Vincent},
  booktitle={Proceedings of the 2017 Conference on Empirical Methods in Natural Language Processing},
  pages={2898--2904},
  year={2017}
}

@inproceedings{vincent2008extracting,
  title={Extracting and composing robust features with denoising autoencoders},
  author={Vincent, Pascal and Larochelle, Hugo and Bengio, Yoshua and Manzagol, Pierre-Antoine},
  booktitle={Proceedings of the 25th international conference on Machine learning},
  pages={1096--1103},
  year={2008},
  organization={ACM}
}


@inproceedings{plank2014importance,
  title={Importance weighting and unsupervised domain adaptation of POS taggers: a negative result},
  author={Plank, Barbara and Johannsen, Anders and S{\o}gaard, Anders},
  booktitle={Proceedings of the 2014 Conference on Empirical Methods in Natural Language Processing (EMNLP)},
  pages={968--973},
  year={2014}
}

@article{plank2016non,
  title={What to do about non-standard (or non-canonical) language in NLP},
  author={Plank, Barbara},
  journal={arXiv preprint arXiv:1608.07836},
  year={2016}
}



@inproceedings{caruna1993multitask,
  title={Multitask learning: A knowledge-based source of inductive bias},
  author={Caruna, R},
  booktitle={Machine Learning: Proceedings of the Tenth International Conference},
  pages={41--48},
  year={1993}
}

@article{liu2015representation,
  title={Representation learning using multi-task deep neural networks for semantic classification and information retrieval},
  author={Liu, Xiaodong and Gao, Jianfeng and He, Xiaodong and Deng, Li and Duh, Kevin and Wang, Ye-Yi},
  year={2015}
}


@article{hashimoto2016joint,
  title={A joint many-task model: Growing a neural network for multiple NLP tasks},
  author={Hashimoto, Kazuma and Xiong, Caiming and Tsuruoka, Yoshimasa and Socher, Richard},
  journal={arXiv preprint arXiv:1611.01587},
  year={2016}
}

@inproceedings{sogaard2016deep,
  title={Deep multi-task learning with low level tasks supervised at lower layers},
  author={S{\o}gaard, Anders and Goldberg, Yoav},
  booktitle={Proceedings of the 54th Annual Meeting of the Association for Computational Linguistics (Volume 2: Short Papers)},
  volume={2},
  pages={231--235},
  year={2016}
}

@article{rei2017semi,
  title={Semi-supervised multitask learning for sequence labeling},
  author={Rei, Marek},
  journal={arXiv preprint arXiv:1704.07156},
  year={2017}
}

@inproceedings{vinyals2016matching,
  title={Matching networks for one shot learning},
  author={Vinyals, Oriol and Blundell, Charles and Lillicrap, Timothy and Wierstra, Daan and others},
  booktitle={Advances in neural information processing systems},
  pages={3630--3638},
  year={2016}
}

@inproceedings{upadhyay2018almost,
  title={(Almost) Zero-Shot Cross-Lingual Spoken Language Understanding},
  author={Upadhyay, Shyam and Faruqui, Manaal and T{\"u}r, Gokhan and Dilek, Hakkani-T{\"u}r and Heck, Larry},
  booktitle={2018 IEEE International Conference on Acoustics, Speech and Signal Processing (ICASSP)},
  pages={6034--6038},
  year={2018},
  organization={IEEE}
}

@article{artetxe2018massively,
  title={Massively Multilingual Sentence Embeddings for Zero-Shot Cross-Lingual Transfer and Beyond},
  author={Artetxe, Mikel and Schwenk, Holger},
  journal={arXiv preprint arXiv:1812.10464},
  year={2018}
}

@article{conneau2017word,
  title={Word translation without parallel data},
  author={Conneau, Alexis and Lample, Guillaume and Ranzato, Marc'Aurelio and Denoyer, Ludovic and J{\'e}gou, Herv{\'e}},
  journal={arXiv preprint arXiv:1710.04087},
  year={2017}
}

@article{johnson2017google,
  title={Google’s multilingual neural machine translation system: Enabling zero-shot translation},
  author={Johnson, Melvin and Schuster, Mike and Le, Quoc V and Krikun, Maxim and Wu, Yonghui and Chen, Zhifeng and Thorat, Nikhil and Vi{\'e}gas, Fernanda and Wattenberg, Martin and Corrado, Greg and others},
  journal={Transactions of the Association for Computational Linguistics},
  volume={5},
  pages={339--351},
  year={2017},
  publisher={MIT Press}
}

@inproceedings{yarowsky1995unsupervised,
  title={Unsupervised word sense disambiguation rivaling supervised methods},
  author={Yarowsky, David},
  booktitle={Proceedings of the 33rd annual meeting on Association for Computational Linguistics},
  pages={189--196},
  year={1995},
  organization={Association for Computational Linguistics}
}

@inproceedings{blum1998combining,
  title={Combining labeled and unlabeled data with co-training},
  author={Blum, Avrim and Mitchell, Tom},
  booktitle={Proceedings of the eleventh annual conference on Computational learning theory},
  pages={92--100},
  year={1998},
  organization={ACM}
}

@article{mallapragada2009semiboost,
  title={Semiboost: Boosting for semi-supervised learning},
  author={Mallapragada, Pavan Kumar and Jin, Rong and Jain, Anil K and Liu, Yi},
  journal={IEEE transactions on pattern analysis and machine intelligence},
  volume={31},
  number={11},
  pages={2000--2014},
  year={2009},
  publisher={IEEE}
}

@article{ruder2018strong,
  title={Strong Baselines for Neural Semi-supervised Learning under Domain Shift},
  author={Ruder, Sebastian and Plank, Barbara},
  journal={arXiv preprint arXiv:1804.09530},
  year={2018}
}

@article{marcus1993building,
  title={Building a large annotated corpus of English: The Penn Treebank},
  author={Marcus, Mitchell P and Marcinkiewicz, Mary Ann and Santorini, Beatrice},
  journal={Computational linguistics},
  volume={19},
  number={2},
  pages={313--330},
  year={1993},
  publisher={MIT Press}
}

@inproceedings{petrov2012overview,
  title={Overview of the 2012 shared task on parsing the web},
  author={Petrov, Slav and McDonald, Ryan},
  booktitle={Notes of the first workshop on syntactic analysis of non-canonical language (sancl)},
  volume={59},
  year={2012},
  organization={Citeseer}
}

@inproceedings{toutanova2000enriching,
  title={Enriching the knowledge sources used in a maximum entropy part-of-speech tagger},
  author={Toutanova, Kristina and Manning, Christopher D},
  booktitle={Proceedings of the 2000 Joint SIGDAT conference on Empirical methods in natural language processing and very large corpora: held in conjunction with the 38th Annual Meeting of the Association for Computational Linguistics-Volume 13},
  pages={63--70},
  year={2000},
  organization={Association for Computational Linguistics}
}

@article{schnabel2014flors,
  title={Flors: Fast and simple domain adaptation for part-of-speech tagging},
  author={Schnabel, Tobias and Sch{\"u}tze, Hinrich},
  journal={Transactions of the Association for Computational Linguistics},
  volume={2},
  pages={15--26},
  year={2014}
}

@inproceedings{yang2015unsupervised,
  title={Unsupervised multi-domain adaptation with feature embeddings},
  author={Yang, Yi and Eisenstein, Jacob},
  booktitle={Proceedings of the 2015 Conference of the North American Chapter of the Association for Computational Linguistics: Human Language Technologies},
  pages={672--682},
  year={2015}
}

@article{plank2016multilingual,
  title={Multilingual part-of-speech tagging with bidirectional long short-term memory models and auxiliary loss},
  author={Plank, Barbara and S{\o}gaard, Anders and Goldberg, Yoav},
  journal={arXiv preprint arXiv:1604.05529},
  year={2016}
}

@article{clark2018semi,
  title={Semi-supervised sequence modeling with cross-view training},
  author={Clark, Kevin and Luong, Minh-Thang and Manning, Christopher D and Le, Quoc V},
  journal={arXiv preprint arXiv:1809.08370},
  year={2018}
}






